<?xml version="1.0" encoding="UTF-8"?><collection xmlns="http://www.loc.gov/MARC21/slim"><record><leader>00462nam--2200133-i-4500</leader><controlfield tag="001">000024178</controlfield><controlfield tag="002">20161230</controlfield><controlfield tag="005">20161230201035</controlfield><controlfield tag="008">060222s1000------------r-----000-0-eng-d</controlfield><datafield ind1=" " ind2=" " tag="080"><subfield code="a">681.785.5(043)</subfield></datafield><datafield ind1=" " ind2=" " tag="100"><subfield code="a">Giezendanner, Daniel</subfield></datafield><datafield ind1=" " ind2=" " tag="245"><subfield code="a">Automation d`un spectrometre a impulsions et son application a l`etude de la structure fine des raies d`absorption en resonance quadripolaire nucleaire.these</subfield></datafield><datafield ind1=" " ind2=" " tag="260"><subfield code="a">Geneve,Universite, 1979. Xi+489p</subfield></datafield><datafield ind1=" " ind2=" " tag="852"><subfield code="a">70588</subfield></datafield></record></collection>